@book{book:rs,
    author = {C. Aggarwal, Charu},
    year = {2016},
    month = {01},
    pages = {},
    title = {Recommender Systems},
    publisher = {Springer Science+Business Media},
    doi = {10.1007/978-3-319-29659-3}
}

% TODO: Who is the author of this document?
@Misc{web:ap-i:usno,
  howpublished = {\url{https://www.ap-i.net/skychart/en/news/usno-b1.0_catalog}},
  note = {Accessed March 9, 2019},
  title = {USNO-B1.0 Catalog}
}
@Misc{web:caltech:usno,
  howpublished = {\url{https://irsa.ipac.caltech.edu/data/USNO_B1/usnob1_description.html}},
  note = {Accessed March 9, 2019},
  title = {United States Naval Observatory B1.0 Catalog},
  author = {Kirkpatrick, Davy}
}
@Misc{web:w3:rest,
  howpublished = {\url{https://www.w3.org/TR/2004/NOTE-ws-arch-20040211/#relwwwrest}},
  note = {Accessed April 3, 2019},
  title = {Relationship to the World Wide Web and REST Architectures},
}




